@article{everett,
    author="Hugh Everett",
    title="THE THEORY OF THE UNIVERSAL WAVE FUNCTION",
    journal="Princeton University Press",
    year=1957,
    url="http://ucispace.lib.uci.edu/bitstream/handle/10575/1302/everett%20long%20thesis%20as%20published%201973.pdf?sequence=1",
}

@article{relativestate,
    author="Hugh Everett",
    title={``Relative State'' Formulation of Quantum Mechanics},
    journal="Reviews of Modern Physics",
    year=1957,
    url="https://journals.aps.org/rmp/pdf/10.1103/RevModPhys.29.454",
}

@article{wheeler,
    author="John A. Wheeler",
    title={Assessment of Everett's ``Relative State'' Formulation of Quantum Theory},
    journal="Reviews of Modern Physics",
    year=1957,
    url="http://www.psiquadrat.de/downloads/wheeler_on_everett57.pdf",
}

@article{dewitt,
    author="Bryce S. DeWitt",
    title="Quantum mechanics and reality",
    journal="Physics Today",
    year=1970,
    url="http://physicstoday.scitation.org/doi/pdf/10.1063/1.3022331",
}

@article{buckyballs,
    author="Markus Arndt and Olaf Nairz and Julian Vos-Andreae and Claudia Keller and Gerbrand van der Zouw and Anton Zeilinger",
    title="Wave-particle duality of C60 molecules",
    journal="Nature",
    year=1999,
    url="http://www.nature.com/nature/journal/v401/n6754/abs/401680a0.html",
}

@article{epr,
    author="A. Einstein and B. Podolsky and N. Rosen",
    title="Can Quantum-Mechanical Description of Physical Reality Be Considered Complete?",
    journal="Physical Review",
    year=1935,
    url="http://www.drchinese.com/David/EPR.pdf",
}

@misc{carroll,
    author="Sean Carroll",
    title="Why the Many-Worlds Formulation of Quantum Mechanics Is Probably Correct",
    year=2014,
    url="http://www.preposterousuniverse.com/blog/2014/06/30/why-the-many-worlds-formulation-of-quantum-mechanics-is-probably-correct",
}

@article{hawking,
    author="Stephen S. Hawking",
    title="Black holes and thermodynamics",
    journal="Physical Review",
    year=1975,
    url="https://journals.aps.org/prd/pdf/10.1103/PhysRevD.13.191",
}

@misc{falsification,
    author="Aur√©lien Barrau",
    title="Testing the Everett Interpretation of Quantum Mechanics with Cosmology",
    year=2015,
    url="https://arxiv.org/pdf/1412.7352.pdf",
}

@misc{solomonoff,
    author="Ray J. Solomonoff",
    title="A PRELIMINARY REPORT ON A GENERAL THEORY OF INDUCTIVE INFERENCE",
    year=1960,
    url="http://citeseerx.ist.psu.edu/viewdoc/download?doi=10.1.1.478.5946&rep=rep1&type=pdf",
}

@misc{faq,
    author="Michael Clive Price",
    title="THE EVERETT FAQ",
    year=1995,
    url="http://www.hedweb.com/manworld.htm",
}

@article{gellmann,
    author="Murray Gell-Mann and James B. Hartle",
    title="Quantum Mechanics in the Light of Quantum Cosmology",
    journal="Int. Symp. Foundations of Quantum Mechanics",
    year=1989,
    url="http://tuvalu.santafe.edu/~mgm/Site/Publications_files/MGM%20102.pdf",
}

@article{griffiths,
    author="Robert B. Griffiths",
    title="Consistent Histories and the Interpretation of Quantum Mechanics",
    journal="Journal of Statistical Physics",
    year=1984,
    url="https://link-springer-com.ccl.idm.oclc.org/article/10.1007/BF01015734",
}

@misc{hartle,
    author="James B. Hartle",
    title="SPACETIME QUANTUM MECHANICS AND THE QUANTUM MECHANICS OF SPACETIME",
    year=2014,
    url="https://arxiv.org/pdf/gr-qc/9304006.pdf",
}

@book{stanford,
    title="The Role of Decoherence in Quantum Mechanics",
    publisher="Stanford Encyclopedia of Philosophy",
    year=2012,
    url="https://stanford.library.sydney.edu.au/entries/qm-decoherence/#PilWavThe",
}

@article{zurek,
    author="Wojciech H. Zurek",
    title="Decoherence and the Transition from Quantum to Classical---Revisited",
    journal="Los Alamos Science",
    year=2002,
    url="https://arxiv.org/ftp/quant-ph/papers/0306/0306072.pdf",
}

@misc{decoherence,
    author="Maximilian Schlosshauer",
    title="Decoherence, the meausrement problem, and interpretations of quantum mechanics",
    year=2005,
    url="https://arxiv.org/pdf/quant-ph/0312059.pdf",
}

@misc{inyourface,
    author="Sidney Coleman",
    title="Quantum Mechanics in Your Face",
    year=1994,
    url="https://www.youtube.com/watch?v=EtyNMlXN-sw",
}

@article{time,
    author="Michel Bitbol",
    title="THE CONCEPT OF MEASUREMENT AND TIME SYMMETRY IN QUANTUM MECHANICS",
    journal="Philosophy of Science",
    year=1988,
    url="http://michel.bitbol.pagesperso-orange.fr/Time_Symmetry.pdf",
}

@article{badoccam,
    author="Alastair I. M. Rae",
    title="Everett and the Born rule",
    journal="Studies in History and Philosophy of Science",
    year=2009,
    url="http://www.sciencedirect.com.ccl.idm.oclc.org/science/article/pii/S1355219809000306",
}

@misc{carolltestable,
    author="Sean Carroll",
    title="The Wrong Objections to the Many-Worlds Interpretation of Quantum Mechanics",
    year=2015,
    url="http://www.preposterousuniverse.com/blog/2015/02/19/the-wrong-objections-to-the-many-worlds-interpretation-of-quantum-mechanics/",
}

@misc{occam,
    author="Andrei N. Soklakov",
    title="Occam's Razor as a formal basis for a physical theory",
    year=2001,
    url="https://arxiv.org/pdf/math-ph/0009007.pdf",
}

@misc{chess,
    author="Leo Kelion",
    title="Coder creates smallest chess game for computers",
    year=2015,
    url="http://www.bbc.com/news/technology-31028787",
}

@article{bell,
    author="Daniel M. Greenberger",
    title="Bell's theorem without inequalities",
    journal="American Journal of Physics",
    year=1990,
    url="http://aapt.scitation.org/doi/pdf/10.1119/1.16243",
}

@misc{setselection,
    author="Petros Wallden",
    title="Contrary Inferences in Consistent Histories and a Set Selection Criterion",
    year=2014,
    url="https://arxiv.org/pdf/1402.3733.pdf",
}

@article{pathintegral,
    author="Seth Lloyd and Olaf Dreyer",
    title="The universal path integral",
    journal="Quantum Information Processing",
    year=2015,
    url="https://dspace.mit.edu/openaccess-disseminate/1721.1/103313",
}

@article{zehdecoherence,
    author="H. D. Zeh",
    title="On the Interpretation of Measurement in Quantum Theory",
    journal="Foundations of Physics",
    year=1970,
    url="http://www.rzuser.uni-hd.de/~as3/FP70.pdf",
}

@article{wallacedecoherence,
    author="David Wallace",
    title="Everett and structure",
    journal="Studies in History and Philosophy of Science",
    year=2003,
    url="https://arxiv.org/pdf/quant-ph/0107144.pdf",
}

@article{bohm,
    author="D. J. Bohm and B. J. Hiley",
    title="The de Broglie Pilot Wave Theory and the Further Development of New Insights Arising Out of It",
    journal="Foundations of Physics",
    year=1982,
    url="http://scalettar.physics.ucdavis.edu/p298/pilotwavetheory.pdf",
}

@article{zehbohm,
    author="H. D. Zeh",
    title="Why Bohm's Quantum Theory?",
    journal="Foundations of Physics Letters",
    year=1999,
    url="https://link-springer-com.ccl.idm.oclc.org/article/10.1023/A:1021669308832",
}

@article{wallacebohm,
    author="Harvey R. Brown and David Wallace",
    title="Solving the Measurement Problem: De Broglie-Bohm Loses Out to Everett",
    journal="Foundations of Physics",
    year=2005,
    url="https://arxiv.org/pdf/quant-ph/0403094.pdf",
}

@article{arrowoftime,
    author="H. D. Zeh",
    title="Measurement in Bohm's versus Everett's quantum theory",
    journal="Foundations of Physics",
    year=1988,
    url="https://link-springer-com.ccl.idm.oclc.org/article/10.1007%2FBF00734152",
}

@article{bornproof1,
    author="David Deutsch",
    title="Quantum Theory of Probability and Decisions",
    journal="Proceedings of the Royal Society of London",
    year=1999,
    url="https://arxiv.org/ftp/quant-ph/papers/9906/9906015.pdf",
}

@article{bornproof2,
    author="David Wallace",
    title="Quantum probability from subjective likelihood: Improving on Deutsch's proof of the probability rule",
    journal="Studies in History and Philosophy of Science",
    year=2007,
    url="https://arxiv.org/pdf/quant-ph/0312157.pdf",
}

@article{bornproof2summary,
    author="David Wallace",
    title="Epistemology Quantized: circumstances in which we should come to believe in the Everett interpretation",
    journal="The British Journal for the Philosophy of Science",
    year=2006,
    url="https://academic-oup-com.ccl.idm.oclc.org/bjps/article/57/4/655/1496217/Epistemology-Quantized-circumstances-in-which-we",
}

@article{bornproof3,
    author="David Wallace",
    title="Everettian rationality: defending Deutsch's approach to probability in the Everett interpretation",
    journal="Studies in History and Philosophy of Science",
    year=2003,
    url="https://arxiv.org/pdf/quant-ph/0303050.pdf",
}

@article{everetttaboo,
    author="David Deutsch",
    title="Comment on Lockwood",
    journal="The British Journal for the Philosophy of Science",
    year=1996,
    url="http://www.jstor.org.ccl.idm.oclc.org/stable/pdf/687943.pdf",
}

@article{feynman,
    author="H. D. Zeh",
    title="Feynman's Interpretation of Quantum Theory",
    journal="The European Physical Journal",
    year=2011,
    url="https://arxiv.org/ftp/arxiv/papers/0804/0804.3348.pdf",
}

@article{heisenberg,
    author="Werner Heisenberg",
    title="THE ACTUAL CONTENT OF QUANTUM THEORETICAL KINEMATICS AND MECHANICS",
    journal="Zeitschrift f{\"u}r Physik",
    year=1927,
    url="https://ntrs.nasa.gov/archive/nasa/casi.ntrs.nasa.gov/19840008978.pdf",
}

@misc{solvay,
    title="The Solvay Conference, probably the most intelligent picture ever taken, 1927",
    url="http://rarehistoricalphotos.com/solvay-conference-probably-intelligent-picture-ever-taken-1927/",
}

@misc{lesswrongcollapse,
    title="The Quantum Physics Sequence: Collapse Postulates",
    author="Eliezer Yudkowsky",
    year=2008,
    url="http://lesswrong.com/lw/q6/collapse_postulates/",
}

@misc{lesswrongsolomonoff,
    title="An Intuitive Explanation of Solomonoff Induction",
    author="Alex Altair",
    year=2012,
    url="http://lesswrong.com/lw/dhg/an_intuitive_explanation_of_solomonoff_induction/",
}

@book{townsend,
    title="Quantum Physics: A Fundamental Approach to Modern Physics",
    author="John Townsend",
    publisher="University Science Books",
    year=2010,
    url="https://www.amazon.com/Quantum-Physics-Fundamental-Approach-Modern/dp/1891389629",
}

@misc{linearity,
    title="Linearity in Quantum Mechanics",
    author="Mukul Agrawal",
    year=2003,
    url="http://citeseerx.ist.psu.edu/viewdoc/download?doi=10.1.1.212.9490&rep=rep1&type=pdf",
}

@article{quantumviolation,
    title="Search for violations of quantum mechanics",
    author="John Ellis and John S. Hagelin",
    publisher="Nuclear Physics",
    year=1984,
    url="http://www.slac.stanford.edu/cgi-wrap/getdoc/slac-pub-3134.pdf",
}

@article{cptsym,
    title="Precision tests of CPT symmetry and quantum mechanics in the neutral kaon system",
    author="John Ellis and Jorge L. Lopez and N. E. Mavromatos and D. V. Nanopoulos",
    publisher="Physical Review",
    year=1996,
    url="https://journals-aps-org.ccl.idm.oclc.org/prd/pdf/10.1103/PhysRevD.53.3846",
}

@misc{chris,
    title="A theoretical introduction to wave mechanics",
    author="Chris Clark",
    year=2010,
    url="http://dfcd.net/articles/wavemechanics.pdf",
}
